@inproceedings{abowd2008protective,
  title={How protective are synthetic data?},
  author={Abowd, John M and Vilhuber, Lars},
  booktitle={International Conference on Privacy in Statistical Databases},
  pages={239--246},
  year={2008},
  organization={Springer}
}

@article{irs2019,
 title={2012 Supplemental Public Use File},
 author={IRS},
 year={2019}
}

@article{winkler2007examples,
  title={Examples of easy-to-implement, widely used methods of masking for which analytic properties are not justified},
  author={Winkler, William E},
  journal={Stat. Research Div., US Bureau of the Census},
  year={2007}
}

@article{drechsler2010sampling,
  title={Sampling with synthesis: A new approach for releasing public use census microdata},
  author={Drechsler, J{\"o}rg and Reiter, Jerome P},
  journal={Journal of the American Statistical Association},
  volume={105},
  number={492},
  pages={1347--1357},
  year={2010},
  publisher={Taylor \& Francis}
}

@incollection{yancey2002disclosure,
  title={Disclosure risk assessment in perturbative microdata protection},
  author={Yancey, William E and Winkler, William E and Creecy, Robert H},
  booktitle={Inference control in statistical databases},
  pages={135--152},
  year={2002},
  publisher={Springer}
}

@inproceedings{mitra2006adjusting,
  title={Adjusting survey weights when altering identifying design variables via synthetic data},
  author={Mitra, Robin and Reiter, Jerome P},
  booktitle={International Conference on Privacy in Statistical Databases},
  pages={177--188},
  year={2006},
  organization={Springer}
}

@misc{bryant2017general,
  title={General Description Booklet for the 2012 Public Use Tax File},
  author={Bryant, Victoria},
  year={2017},
  publisher={Washington, DC: IRS Statistics of Income Division}
}

@article{fuller1993masking,
  title={Masking procedures for microdata disclosure},
  author={Fuller, W},
  journal={Journal of Official Statistics},
  volume={9},
  number={2},
  pages={383--406},
  year={1993}
}

@article{reiter2014bayesian,
  title={Bayesian estimation of disclosure risks for multiply imputed, synthetic data},
  author={Reiter, Jerome P and Wang, Quanli and Zhang, Biyuan},
  journal={Journal of Privacy and Confidentiality},
  volume={6},
  number={1},
  year={2014}
}

@inproceedings{hu2014disclosure,
  title={Disclosure risk evaluation for fully synthetic categorical data},
  author={Hu, Jingchen and Reiter, Jerome P and Wang, Quanli},
  booktitle={International conference on privacy in statistical databases},
  pages={185--199},
  year={2014},
  organization={Springer}
}

@article{raab2016practical,
  title={Practical data synthesis for large samples},
  author={Raab, Gillian M and Nowok, Beata and Dibben, Chris},
  journal={Journal of Privacy and Confidentiality},
  volume={7},
  number={3},
  pages={67--97},
  year={2016}
}

@article{mcclure2012differential,
  title={Differential Privacy and Statistical Disclosure Risk Measures: An Investigation with Binary Synthetic Data.},
  author={McClure, David and Reiter, Jerome P},
  journal={Trans. Data Privacy},
  volume={5},
  number={3},
  pages={535--552},
  year={2012}
}

@article{reiter2005estimating,
  title={Estimating risks of identification disclosure in microdata},
  author={Reiter, Jerome P},
  journal={Journal of the American Statistical Association},
  volume={100},
  number={472},
  pages={1103--1112},
  year={2005},
  publisher={Taylor \& Francis}
}

@article{matthews2011data,
  title={Data confidentiality: A review of methods for statistical disclosure limitation and methods for assessing privacy},
  author={Matthews, Gregory J and Harel, Ofer and others},
  journal={Statistics Surveys},
  volume={5},
  pages={1--29},
  year={2011},
  publisher={The author, under a Creative Commons Attribution License}
}

@book{breiman1984classification,
  title={Classification and regression trees},
  author={Breiman, Leo and Friedman, Jerome and Stone, Charles J and Olshen, Richard A},
  year={1984},
  publisher={CRC press}
}

@article{reiter2005using,
  title={Using CART to generate partially synthetic public use microdata},
  author={Reiter, Jerome P},
  journal={Journal of Official Statistics},
  volume={21},
  number={3},
  pages={441},
  year={2005},
  publisher={Statistics Sweden (SCB)}
}

@article{nowok2019package,
  title={Package ‘synthpop’},
  author={Nowok, Beata and Raab, Gillian M and Snoke, Joshua and Dibben, Chris and Nowok, Maintainer Beata},
  year={2019}
}

@article{benedetto2013creation,
  title={The creation and use of the SIPP Synthetic Beta},
  author={Benedetto, Gary and Stinson, Martha and Abowd, John M},
  year={2013},
  publisher={US Census Bureau}
}

@book{kuhn2013applied,
  title={Applied predictive modeling},
  author={Kuhn, Max and Johnson, Kjell},
  volume={26},
  year={2013},
  publisher={Springer}
}

@article{wicklin2016visualize,
  title={How to visualize a kernel density estimate},
  author={Wicklin, Rick},
  journal={The DO Loop, SAS blog},
  volume={27},
  year={2016}
}

@article{machanavajjhala2007diversity,
  title={l-diversity: Privacy beyond k-anonymity},
  author={Machanavajjhala, Ashwin and Kifer, Daniel and Gehrke, Johannes and Venkitasubramaniam, Muthuramakrishnan},
  journal={ACM Transactions on Knowledge Discovery from Data (TKDD)},
  volume={1},
  number={1},
  pages={3--es},
  year={2007},
  publisher={ACM New York, NY, USA}
}

@inproceedings{cilke2014case,
  title={The Case of the Missing Strangers: What we know and don’t know about non-filers},
  author={Cilke, James},
  booktitle={107th Annual Conference of the National Tax Association, Santa Fe, New Mexico},
  year={2014}
}

@article{woo2009global,
  title={Global measures of data utility for microdata masked for disclosure limitation},
  author={Woo, Mi-Ja and Reiter, Jerome P and Oganian, Anna and Karr, Alan F},
  journal={Journal of Privacy and Confidentiality},
  volume={1},
  number={1},
  year={2009}
}

@article{snoke2018general,
  title={General and specific utility measures for synthetic data},
  author={Snoke, Joshua and Raab, Gillian M and Nowok, Beata and Dibben, Chris and Slavkovic, Aleksandra},
  journal={Journal of the Royal Statistical Society: Series A (Statistics in Society)},
  volume={181},
  number={3},
  pages={663--688},
  year={2018},
  publisher={Wiley Online Library}
}